<?xml version="1.0" encoding="UTF-8"?><collection xmlns="http://www.loc.gov/MARC21/slim"><record><leader>00449nam--2200133-i-4500</leader><controlfield tag="001">000040398</controlfield><controlfield tag="002">20161230</controlfield><controlfield tag="005">20161230201042</controlfield><controlfield tag="008">060222s1000------------r-----000-0-eng-d</controlfield><datafield ind1=" " ind2=" " tag="080"><subfield code="a">621.3</subfield></datafield><datafield ind1=" " ind2=" " tag="100"><subfield code="a">Saveanu,L., S.Lipschutz., Gh.Buzdugan</subfield></datafield><datafield ind1=" " ind2=" " tag="245"><subfield code="a">Organe de masini. indrumator pentru proectanti. i.probleme de baza in legatura cu proiectarea si constructia organelor de masini</subfield></datafield><datafield ind1=" " ind2=" " tag="260"><subfield code="a">Bucuresti, Ed.Tehnica, 1957. 359 P. + Fig</subfield></datafield><datafield ind1=" " ind2=" " tag="852"><subfield code="a">4543</subfield></datafield></record></collection>